@misc{ai-wikipedia,
  author={Wikipedia},
  title={Künstliche Intelligenz},
  url={https://de.wikipedia.org/wiki/K%C3%BCnstliche_Intelligenz},
  urldate={2023-04-20},
  year={2023}
}
@book{example,
  title={the Title of the Book},
  author={The Author},
  url={https://de.wikipedia.org/wiki/K%C3%BCnstliche_Intelligenz},
  publisher={The Publisher},
  year={2017},
}

@online{Methoden-KI,
  title={Künstlische Intelligenz- Definition und Methoden},
  author={X-ROOT},
  url={https://www.x-root.de/blog/kuenstliche-intelligenz-definition-und-methoden/},
  urldate={2023-05-31},
  year={2023},
}
@online{ai-wikipedia,
  author={Wikipedia},
  title={Künstliche Intelligenz},
  url={https://de.wikipedia.org/wiki/K%C3%BCnstliche_Intelligenz},
  urldate={2023-04-20},
  year={2023},
}
@online{Ethik-und-KI,
  author={Hochschule Luzern},
  title={Ethik der Künstlichen Intelligenz},
  url={https://hub.hslu.ch/financialmanagement/2023/10/13/ethik-der-kuenstlichen-intelligenz/},
  urldate={2023-05-31},
  year={2023},
}
@online{Ethik-und-KI,
  author={Ingenieur},
  title={Wie passen Künstliche Intelligenz und Ethik zusammen?},
  url={https://www.ingenieur.de/technik/fachbereiche/kuenstliche-intelligenz/wie-passen-kuenstliche-intelligenz-und-ethik-zusammen/},
  urldate={2023-05-31},
  year={2023},
}
@online{Nutzung-KI,
  author={AI-Leaders},
  title={Wo wird KI eingesetzt?},
  url={https://ai-leaders.de/portfolio/wo-wird-ki-eingesetzt/#:~:text=Die%20Finanzbranche%20nutzt%20KI%20zur,zur%20Erzeugung%20von%20Kunstwerken%20einzusetzen.},
  urldate={2023-05-31},
  year={2023},
}
@online{Definition-KI,
  author={Europäisches Parlament},
  title={Was ist künstliche Intelligenz und wo wird sie genutzt?},
  url={https://www.europarl.europa.eu/topics/de/article/20200827STO85804/was-ist-kunstliche-intelligenz-und-wie-wird-sie-genutzt},
  urldate={2023-05-31},
  year={2023},
}
@online{Definition-KI,
  author={Europäisches Parlament},
  title={Was ist künstliche Intelligenz und wo wird sie genutzt?},
  url={https://www.europarl.europa.eu/topics/de/article/20200827STO85804/was-ist-kunstliche-intelligenz-und-wie-wird-sie-genutzt},
  urldate={2023-05-31},
  year={2023},
}
@online{KI,
  author={Fraunhofer},
  title={Künstliche Intelligenz},
  url={https://www.iks.fraunhofer.de/de/themen/kuenstliche-intelligenz.html},
  urldate={2023-05-31},
  year={2023},
}

